@inproceedings{he2024fedkit,
  author        = "Sichang He and Beilong Tang and Boyan Zhang and Jiaqi Shao and Xiaomin Ouyang and Daniel Nata Nugraha and Bing Luo",
  title         = "{FedKit}: Enabling Cross-Platform Federated Learning for Android and {iOS}",
  booktitle     = "{IEEE} {INFOCOM 2024-IEEE} Conference on Computer Communications Workshops {(INFOCOM} {WKSHPS)}",
  year          = "2024",
  pages         = "to appear",
  abbr          = "INFOCOM",
  code          = "https://github.com/FedCampus/FedKit",
  url           = "http://www.arxiv.org/pdf/2402.10464"
}
@misc{luo2024fedcampus,
  author        = "Bing Luo and Sichang He",
  title         = "{FedCampus}: a Privacy-preserving Data Platform for Smart Campus with Federated Learning and Analytics",
  note          = "Flower AI Summit, 2024",
  month         = mar,
  year          = "2024",
  url           = "https://www.youtube.com/watch?v=K7yu2jvu\_t8"
}
@inproceedings{he2024rpslyzer,
  title         = "{RPSLyzer}: Characterization and Verification of Policies in Internet Routing Registries",
  author        = "Sichang He and Italo Cunha and Ethan Katz-Bassett",
  booktitle     = "Proceedings of the 2024 ACM Internet Measurement Conference",
  pages         = "to appear",
  year          = "2024",
  abbr          = "IMC",
  code          = "https://github.com/SichangHe/internet\_route\_verification",
  url           = "https://github.com/SichangHe/internet\_route\_verification/releases/tag/imc-camera-ready"
}
